<?xml version="1.0" encoding="UTF-8"?><record xmlns="http://www.loc.gov/MARC21/slim" xmlns:cinclude="http://apache.org/cocoon/include/1.0" xmlns:zs="http://www.loc.gov/zing/srw/">
  <leader>00425nz  a2200133n  4500</leader>
  <controlfield tag="001">no 00088203 </controlfield>
  <controlfield tag="003">DLC</controlfield>
  <controlfield tag="005">20001030070010.0</controlfield>
  <controlfield tag="008">001029n| acannaabn          |n aac      </controlfield>
  <datafield tag="010" ind1=" " ind2=" ">
    <subfield code="a">no 00088203 </subfield>
  </datafield>
  <datafield tag="035" ind1=" " ind2=" ">
    <subfield code="a">(OCoLC)oca05344302</subfield>
  </datafield>
  <datafield tag="040" ind1=" " ind2=" ">
    <subfield code="a">DLC-OK</subfield>
    <subfield code="b">eng</subfield>
    <subfield code="c">DLC-OK</subfield>
  </datafield>
  <datafield tag="100" ind1="1" ind2=" ">
    <subfield code="a">Wakai, Christine</subfield>
  </datafield>
  <datafield tag="670" ind1=" " ind2=" ">
    <subfield code="a">Inside the fence, 2000:</subfield>
    <subfield code="b">p. 4 of cover (Christine; wife of Justice Nyo' Wakai (Rtd.) [cannot determine what surname she uses])</subfield>
  </datafield>
</record>